@article{fernandez2007,
    author = {Fernández, Pablo},
    title = {Métodos de valoración de empresas},
    journal = {IESE Business School},
    year = {2007},
    number = {D/771},
    type = {Documento de Investigación}
}

@mastersthesis{santos2022,
    author = {Santos Sanz, A.},
    title = {Las opciones reales en la valoración de empresas tecnológicas},
    year = {2022},
    school = {Universidad de Valladolid},
    type = {Trabajo de Fin de Grado}
}

@misc{segura2023,
    author = {Segura, J.},
    title = {Escalabilidad digital y activos intangibles},
    howpublished = {Blog Estratega Financiero},
    year = {2023}
}

@misc{brinker2024,
    author = {{Brinker Simpson}},
    title = {Business valuation focuses on both quantitative \& qualitative factors},
    year = {2024},
    month = {marzo},
    day = {25}
}

@misc{kruze2023,
    author = {{Kruze Consulting}},
    title = {Valuation of Tech Companies: A Comprehensive Guide},
    year = {2023}
}

@misc{serenity2023,
    author = {{Serenity Markets}},
    title = {Valoración de empresas tecnológicas para invertir},
    year = {2023}
}

@misc{damodaran2018,
    author = {Damodaran, Aswath},
    title = {Amazon: Glimpses of Shoeless Joe?},
    howpublished = {Blog Musings on Markets},
    year = {2018},
    month = {abril}
}

@techreport{baker2024,
    author = {Baker, N. and Kumar, S.},
    title = {Tech Valuation Trends for the 2nd Half of 2024},
    institution = {BDO USA},
    year = {2024}
}

@techreport{bdo2023,
    author = {{BDO}},
    title = {BDO Technology's 2023 Valuation View},
    year = {2023}
}

@techreport{bain2023,
    author = {{Bain \& Company}},
    title = {Creating Value in Tech Throughout the Life Cycle},
    institution = {Bain's 2023 Technology Report},
    year = {2023}
}

@misc{cornell2024,
    author = {Cornell, B.},
    title = {Tesla's Valuation Fountain of Youth},
    howpublished = {Cornell Capital Group Blog},
    year = {2024},
    month = {julio},
    day = {17}
}

@techreport{wipo2025,
    author = {{WIPO}},
    title = {The value of intangible assets of corporations worldwide rebounds to all-time high of USD 80 trillion in 2024},
    institution = {World Intellectual Property Organization},
    year = {2025},
    url = {https://www.wipo.int}
}

@techreport{oceantomo2020,
    author = {{Ocean Tomo}},
    title = {Intangible Asset Market Value Study},
    year = {2020},
    note = {Informe IAMV - activos intangibles representan 90\% del S\&P500},
    url = {https://www.oceantomo.com}
}

@misc{ieb2023,
    author = {{Instituto Español de la Bolsa}},
    title = {WeWork y SoftBank: el caso que redefinió el riesgo en las inversiones},
    year = {2023}
}

@techreport{alixpartners2023,
    author = {{AlixPartners}},
    title = {The Great Rebalancing Act: Tech companies focus on profitability},
    year = {2023}
}

@book{copeland2014,
    author = {Copeland, Tom and Koller, Tim and Murrin, Jack},
    title = {Valuation: Measuring and Managing the Value of Companies},
    publisher = {McKinsey \& Company Inc.},
    year = {2014},
    edition = {6}
}

@book{damodaran2012,
    author = {Damodaran, Aswath},
    title = {Investment Valuation: Tools and Techniques for Determining the Value of Any Asset},
    publisher = {John Wiley \& Sons},
    year = {2012},
    edition = {3}
}

@article{brynjolfsson2019,
    author = {Brynjolfsson, Erik and Rock, Daniel and Syverson, Chad},
    title = {Artificial Intelligence and the Modern Productivity Paradox: A Clash of Expectations and Statistics},
    journal = {Economics of Artificial Intelligence: An Agenda},
    year = {2019},
    pages = {23--57},
    publisher = {University of Chicago Press}
}

@book{haskel2017,
    author = {Haskel, Jonathan and Westlake, Stian},
    title = {Capitalism without Capital: The Rise of the Intangible Economy},
    publisher = {Princeton University Press},
    year = {2017}
}

@book{lev2001,
    author = {Lev, Baruch},
    title = {Intangibles: Management, Measurement, and Reporting},
    publisher = {Brookings Institution Press},
    year = {2001}
}

@techreport{pitchbook2024,
    author = {{PitchBook}},
    title = {2024 Global Venture Capital Report: AI Funding Trends and Market Analysis},
    institution = {PitchBook Data Inc.},
    year = {2024},
    note = {AI companies captured 48\% of global VC dollars, exceeding \$100B in funding}
}

@techreport{carta2024,
    author = {{Carta}},
    title = {State of Startups 2024: Series A Funding Requirements and Market Trends},
    institution = {Carta Inc.},
    year = {2024},
    note = {Median Series A companies now require \$2.5M revenue, 75\% increase from 2021}
}

@techreport{oceantomo2024,
    author = {{Ocean Tomo}},
    title = {Intangible Asset Market Value Study 2024},
    institution = {Ocean Tomo LLC},
    year = {2024},
    note = {Updated analysis confirming intangibles represent 90\% of S\&P 500 value}
}

@misc{nvidia2024,
    author = {{NVIDIA Corporation}},
    title = {NVIDIA Becomes One of World's Most Valuable Companies Amid AI Boom},
    howpublished = {Corporate Earnings Reports and Market Analysis},
    year = {2024},
    note = {Market capitalization surge driven by exceptional GPU demand for AI applications}
}

@techreport{renaissance2024,
    author = {{Renaissance Capital}},
    title = {IPO Market Recovery Report 2024: Selective Activity in Tech Sector},
    institution = {Renaissance Capital LLC},
    year = {2024},
    note = {Signs of IPO market recovery for profitable tech companies}
}

@techreport{saasmetrics2024,
    author = {{SaaS Capital}},
    title = {Private SaaS Company Valuations: 2024-2025 Market Multiples Report},
    institution = {SaaS Capital Management},
    year = {2024},
    note = {Public SaaS companies: 7.0x-7.3x revenue multiples; Private: 4.8x-5.3x}
}

@techreport{silicon2024,
    author = {{Silicon Valley Bank}},
    title = {State of the Markets Q4 2024: Unicorn Valuation Reality Check},
    institution = {SVB Financial Group},
    year = {2024},
    note = {50\% of unicorns may no longer deserve billion-dollar status; 30\% valued below \$1B}
} 