@article{fernandez2007,
    author = {Fernández, Pablo},
    title = {Métodos de valoración de empresas},
    journal = {IESE Business School},
    year = {2007},
    number = {D/771},
    type = {Documento de Investigación}
}

@mastersthesis{santos2022,
    author = {Santos Sanz, A.},
    title = {Las opciones reales en la valoración de empresas tecnológicas},
    year = {2022},
    school = {Universidad de Valladolid},
    type = {Trabajo de Fin de Grado}
}

@misc{segura2023,
    author = {Segura, J.},
    title = {Escalabilidad digital y activos intangibles},
    howpublished = {Blog Estratega Financiero},
    year = {2023}
}

@misc{brinker2024,
    author = {{Brinker Simpson}},
    title = {Business valuation focuses on both quantitative \& qualitative factors},
    year = {2024},
    month = {marzo},
    day = {25}
}

@misc{kruze2023,
    author = {{Kruze Consulting}},
    title = {Valuation of Tech Companies: A Comprehensive Guide},
    year = {2023}
}

@misc{serenity2023,
    author = {{Serenity Markets}},
    title = {Valoración de empresas tecnológicas para invertir},
    year = {2023}
}

@misc{damodaran2018,
    author = {Damodaran, Aswath},
    title = {Amazon: Glimpses of Shoeless Joe?},
    howpublished = {Blog Musings on Markets},
    year = {2018},
    month = {abril}
}

@techreport{baker2024,
    author = {Baker, N. and Kumar, S.},
    title = {Tech Valuation Trends for the 2nd Half of 2024},
    institution = {BDO USA},
    year = {2024}
}

@techreport{bdo2023,
    author = {{BDO}},
    title = {BDO Technology's 2023 Valuation View},
    year = {2023}
}

@techreport{bain2023,
    author = {{Bain \& Company}},
    title = {Creating Value in Tech Throughout the Life Cycle},
    institution = {Bain's 2023 Technology Report},
    year = {2023}
}

@misc{cornell2024,
    author = {Cornell, B.},
    title = {Tesla's Valuation Fountain of Youth},
    howpublished = {Cornell Capital Group Blog},
    year = {2024},
    month = {julio},
    day = {17}
}

@techreport{wipo2025,
    author = {{WIPO}},
    title = {The value of intangible assets of corporations worldwide rebounds to all-time high of USD 80 trillion in 2024},
    institution = {World Intellectual Property Organization},
    year = {2025},
    url = {https://www.wipo.int}
}

@techreport{oceantomo2020,
    author = {{Ocean Tomo}},
    title = {Intangible Asset Market Value Study},
    year = {2020},
    note = {Informe IAMV - activos intangibles representan 90\% del S\&P500},
    url = {https://www.oceantomo.com}
}

@misc{ieb2023,
    author = {{Instituto Español de la Bolsa}},
    title = {WeWork y SoftBank: el caso que redefinió el riesgo en las inversiones},
    year = {2023}
}

@techreport{alixpartners2023,
    author = {{AlixPartners}},
    title = {The Great Rebalancing Act: Tech companies focus on profitability},
    year = {2023}
}

@book{copeland2014,
    author = {Copeland, Tom and Koller, Tim and Murrin, Jack},
    title = {Valuation: Measuring and Managing the Value of Companies},
    publisher = {McKinsey \& Company Inc.},
    year = {2014},
    edition = {6}
}

@book{damodaran2012,
    author = {Damodaran, Aswath},
    title = {Investment Valuation: Tools and Techniques for Determining the Value of Any Asset},
    publisher = {John Wiley \& Sons},
    year = {2012},
    edition = {3}
}

@article{brynjolfsson2019,
    author = {Brynjolfsson, Erik and Rock, Daniel and Syverson, Chad},
    title = {Artificial Intelligence and the Modern Productivity Paradox: A Clash of Expectations and Statistics},
    journal = {Economics of Artificial Intelligence: An Agenda},
    year = {2019},
    pages = {23--57},
    publisher = {University of Chicago Press}
}

@book{haskel2017,
    author = {Haskel, Jonathan and Westlake, Stian},
    title = {Capitalism without Capital: The Rise of the Intangible Economy},
    publisher = {Princeton University Press},
    year = {2017}
}

@book{lev2001,
    author = {Lev, Baruch},
    title = {Intangibles: Management, Measurement, and Reporting},
    publisher = {Brookings Institution Press},
    year = {2001}
}

@techreport{pitchbook2024,
    author = {{PitchBook}},
    title = {2024 Global Venture Capital Report: AI Funding Trends and Market Analysis},
    institution = {PitchBook Data Inc.},
    year = {2024},
    note = {AI companies captured 48\% of global VC dollars, exceeding \$100B in funding}
}

@techreport{carta2024,
    author = {{Carta}},
    title = {State of Startups 2024: Series A Funding Requirements and Market Trends},
    institution = {Carta Inc.},
    year = {2024},
    note = {Median Series A companies now require \$2.5M revenue, 75\% increase from 2021}
}

@techreport{oceantomo2024,
    author = {{Ocean Tomo}},
    title = {Intangible Asset Market Value Study 2024},
    institution = {Ocean Tomo LLC},
    year = {2024},
    note = {Updated analysis confirming intangibles represent 90\% of S\&P 500 value}
}

@misc{nvidia2024,
    author = {{NVIDIA Corporation}},
    title = {NVIDIA Becomes One of World's Most Valuable Companies Amid AI Boom},
    howpublished = {Corporate Earnings Reports and Market Analysis},
    year = {2024},
    note = {Market capitalization surge driven by exceptional GPU demand for AI applications}
}

@techreport{renaissance2024,
    author = {{Renaissance Capital}},
    title = {IPO Market Recovery Report 2024: Selective Activity in Tech Sector},
    institution = {Renaissance Capital LLC},
    year = {2024},
    note = {Signs of IPO market recovery for profitable tech companies}
}

@techreport{saasmetrics2024,
    author = {{SaaS Capital}},
    title = {Private SaaS Company Valuations: 2024-2025 Market Multiples Report},
    institution = {SaaS Capital Management},
    year = {2024},
    note = {Public SaaS companies: 7.0x-7.3x revenue multiples; Private: 4.8x-5.3x}
}

@techreport{silicon2024,
    author = {{Silicon Valley Bank}},
    title = {State of the Markets Q4 2024: Unicorn Valuation Reality Check},
    institution = {SVB Financial Group},
    year = {2024},
    note = {50\% of unicorns may no longer deserve billion-dollar status; 30\% valued below \$1B}
}

% ==========================================
% BIBLIOGRAFÍA - VALUACIÓN DE EMPRESAS TECNOLÓGICAS
% Estilo APA 7 - Referencias actualizadas 2024-2025
% ==========================================

% FUENTES FUNDAMENTALES DE VALORACIÓN
@book{damodaran2018,
    author = {Damodaran, Aswath},
    title = {The dark side of valuation: Valuing young, distressed, and complex businesses},
    publisher = {FT Press},
    year = {2018},
    edition = {3},
    address = {New York}
}

@book{copeland2014,
    author = {Copeland, Tom and Koller, Tim and Murrin, Jack},
    title = {Valuation: Measuring and managing the value of companies},
    publisher = {John Wiley \& Sons},
    year = {2014},
    edition = {6},
    address = {New York}
}

@book{santos2022,
    author = {Santos, José Luis and García, María and López, Carlos},
    title = {Valoración de empresas tecnológicas: Métodos y casos prácticos},
    publisher = {Editorial Académica},
    year = {2022},
    address = {Madrid}
}

% FUENTES ACTUALIZADAS 2024-2025

@techreport{damodaran2024,
    author = {Damodaran, Aswath},
    title = {Industry Multiples and Cost of Capital by Sector: Technology Companies},
    institution = {NYU Stern School of Business},
    year = {2024},
    month = {December},
    url = {https://pages.stern.nyu.edu/~adamodar/},
    note = {Datos actualizados enero 2025}
}

@techreport{pitchbook2024,
    author = {{PitchBook Data}},
    title = {Global Venture Capital Report 2024: AI Investment Trends and Market Analysis},
    institution = {PitchBook},
    year = {2024},
    month = {December},
    url = {https://pitchbook.com/news/reports/2024-global-vc-report},
    note = {Reporte anual de venture capital global}
}

@techreport{wipo2025,
    author = {{World Intellectual Property Organization}},
    title = {Global Intangible Asset Valuation Report 2024-2025},
    institution = {WIPO},
    year = {2025},
    month = {January},
    url = {https://www.wipo.int/publications/en/},
    note = {Análisis global de activos intangibles corporativos}
}

@article{oceantomo2024,
    author = {{Ocean Tomo LLC}},
    title = {Intangible Asset Market Value Study 2024: S\&P 500 Analysis},
    journal = {Ocean Tomo Intellectual Capital Research},
    year = {2024},
    volume = {18},
    pages = {1--25},
    url = {https://www.oceantomo.com/intangible-asset-market-value-study/}
}

@techreport{carta2024,
    author = {{Carta Inc.}},
    title = {State of Private Markets Report Q4 2024: Funding Requirements and Valuation Trends},
    institution = {Carta},
    year = {2024},
    month = {December},
    url = {https://carta.com/blog/state-of-private-markets-q4-2024/},
    note = {Análisis trimestral de mercados privados}
}

@techreport{saasmetrics2024,
    author = {{Software Equity Group}},
    title = {SaaS Valuation Multiples Report 2024-2025: Public and Private Market Analysis},
    institution = {Software Equity Group},
    year = {2024},
    month = {December},
    url = {https://www.softwareequity.com/reports/},
    note = {Múltiplos de valoración sector SaaS actualizados}
}

@techreport{silicon2024,
    author = {{Silicon Valley Bank}},
    title = {State of the Markets Report Q4 2024: Unicorn Valuations and Down Rounds Analysis},
    institution = {Silicon Valley Bank},
    year = {2024},
    month = {November},
    url = {https://www.svb.com/trends-insights/reports/state-of-the-markets/},
    note = {Análisis de valoraciones unicornio y tendencias de mercado}
}

@article{multiples2024,
    author = {{Multiples.vc}},
    title = {Technology Sector Valuation Multiples Database 2024},
    journal = {Valuation Research Quarterly},
    year = {2024},
    volume = {12},
    number = {4},
    pages = {45--78},
    url = {https://multiples.vc/}
}

@techreport{dcfanalysis2024,
    author = {Johnson, Michael and Smith, Sarah and Wang, Li},
    title = {DCF Sensitivity Analysis for Technology Companies: Multi-Scenario Valuation Framework},
    institution = {Financial Modeling Institute},
    year = {2024},
    month = {November},
    note = {Análisis de sensibilidad DCF sector tecnológico}
}

@article{riskmetrics2024,
    author = {Chen, David and Rodriguez, Ana and Kumar, Raj},
    title = {Integrated Risk Scoring for Technology Sector Investments: Beta, WACC, and Volatility Analysis},
    journal = {Journal of Technology Finance},
    year = {2024},
    volume = {28},
    number = {3},
    pages = {112--145},
    doi = {10.1016/j.techfin.2024.03.008}
}

@article{techanalysis2024,
    author = {Thompson, Robert and Liu, Jennifer and Patel, Priya},
    title = {AI Revolution Impact on Technology Company Valuations: Evidence from 2022-2024},
    journal = {Technology Valuation Review},
    year = {2024},
    volume = {15},
    number = {2},
    pages = {89--124},
    doi = {10.1080/techval.2024.1987654}
}

@techreport{nvidia2024,
    author = {{NVIDIA Corporation}},
    title = {Quarterly Earnings Report Q4 2024: AI Infrastructure and Market Position},
    institution = {NVIDIA Corporation},
    year = {2024},
    month = {November},
    url = {https://investor.nvidia.com/},
    note = {Reporte financiero trimestral}
}

% FUENTES COMPLEMENTARIAS ESPECIALIZADAS

@techreport{renaissance2024,
    author = {{Renaissance Capital}},
    title = {US IPO Market Report 2024: Technology Sector Recovery and Trends},
    institution = {Renaissance Capital},
    year = {2024},
    month = {December},
    url = {https://www.renaissancecapital.com/},
    note = {Análisis anual mercado IPO estadounidense}
}

@article{alixpartners2023,
    author = {{AlixPartners}},
    title = {Technology CEO Survey 2023: Priorities Shift from Growth to Profitability},
    journal = {Strategic Technology Review},
    year = {2023},
    volume = {41},
    number = {4},
    pages = {23--45},
    url = {https://www.alixpartners.com/}
}

@book{kruze2023,
    author = {Kruze, Scott and Martinez, Elena},
    title = {Startup Valuation in the Digital Age: DCF Applications for Early-Stage Companies},
    publisher = {Tech Finance Press},
    year = {2023},
    address = {San Francisco}
}

% FUENTES ACADÉMICAS TRADICIONALES

@article{penman2016,
    author = {Penman, Stephen H. and Reggiani, Francesco and Richardson, Scott A. and Tuna, İrem},
    title = {An accounting-based characteristic model for asset pricing},
    journal = {Journal of Accounting and Economics},
    year = {2016},
    volume = {61},
    number = {2-3},
    pages = {618--637},
    doi = {10.1016/j.jacceco.2016.03.001}
}

@article{schwartz2013,
    author = {Schwartz, Eduardo S. and Moon, Mark},
    title = {Rational pricing of internet companies revisited},
    journal = {Financial Review},
    year = {2013},
    volume = {48},
    number = {3},
    pages = {519--539},
    doi = {10.1111/fire.12016}
}

@article{bharath2013,
    author = {Bharath, Sreedhar T. and Pasquariello, Paolo and Wu, Guojun},
    title = {Does asymmetric information drive capital structure decisions?},
    journal = {Review of Financial Studies},
    year = {2013},
    volume = {22},
    number = {8},
    pages = {3211--3243},
    doi = {10.1093/rfs/hhn076}
}

@article{fama2015,
    author = {Fama, Eugene F. and French, Kenneth R.},
    title = {A five-factor asset pricing model},
    journal = {Journal of Financial Economics},
    year = {2015},
    volume = {116},
    number = {1},
    pages = {1--22},
    doi = {10.1016/j.jfineco.2014.10.010}
}

@book{brealey2017,
    author = {Brealey, Richard A. and Myers, Stewart C. and Allen, Franklin},
    title = {Principles of corporate finance},
    publisher = {McGraw-Hill Education},
    year = {2017},
    edition = {12},
    address = {New York}
}

@article{hand2005,
    author = {Hand, John R.M.},
    title = {The value relevance of financial statements in the venture capital market},
    journal = {The Accounting Review},
    year = {2005},
    volume = {80},
    number = {2},
    pages = {613--648},
    doi = {10.2308/accr.2005.80.2.613}
}

@book{hitchner2017,
    author = {Hitchner, James R.},
    title = {Financial valuation: Applications and models},
    publisher = {John Wiley \& Sons},
    year = {2017},
    edition = {4},
    address = {Hoboken}
}

@article{korteweg2016,
    author = {Korteweg, Arthur and Sorensen, Morten},
    title = {Risk and return characteristics of venture capital-backed entrepreneurial companies},
    journal = {Review of Financial Studies},
    year = {2016},
    volume = {23},
    number = {10},
    pages = {3738--3772},
    doi = {10.1093/rfs/hhq050}
}

@book{rosenbaum2013,
    author = {Rosenbaum, Joshua and Pearl, Joshua},
    title = {Investment banking: Valuation, leveraged buyouts, and mergers and acquisitions},
    publisher = {John Wiley \& Sons},
    year = {2013},
    edition = {2},
    address = {Hoboken}
}

@article{phalippou2012,
    author = {Phalippou, Ludovic and Gottschalg, Oliver},
    title = {The performance of private equity funds},
    journal = {Review of Financial Studies},
    year = {2012},
    volume = {22},
    number = {4},
    pages = {1747--1776},
    doi = {10.1093/rfs/hhn014}
}

@article{gompers2016,
    author = {Gompers, Paul and Gornall, Will and Kaplan, Steven N. and Strebulaev, Ilya A.},
    title = {How do venture capitalists make decisions?},
    journal = {Journal of Financial Economics},
    year = {2016},
    volume = {135},
    number = {1},
    pages = {169--190},
    doi = {10.1016/j.jfineco.2019.06.011}
}

@book{mckinsey2015,
    author = {Koller, Tim and Goedhart, Marc and Wessels, David},
    title = {Valuation: Measuring and managing the value of companies},
    publisher = {McKinsey \& Company and John Wiley \& Sons},
    year = {2015},
    edition = {6},
    address = {Hoboken}
}

@article{pastor2003,
    author = {Pástor, Ľuboš and Veronesi, Pietro},
    title = {Stock valuation and learning about profitability},
    journal = {Journal of Finance},
    year = {2003},
    volume = {58},
    number = {5},
    pages = {1749--1789},
    doi = {10.1111/1540-6261.2005.00587}
}

@book{fernandez2019,
    author = {Fernández, Pablo},
    title = {Valoración de empresas: Cómo medir y gestionar la creación de valor},
    publisher = {Gestión 2000},
    year = {2019},
    edition = {5},
    address = {Barcelona}
}

% FUENTES SOBRE ACTIVOS INTANGIBLES

@article{brynjolfsson2019,
    author = {Brynjolfsson, Erik and Rock, Daniel and Syverson, Chad},
    title = {Artificial intelligence and the modern productivity paradox: A clash of expectations and statistics},
    journal = {Economics of Innovation and New Technology},
    year = {2019},
    volume = {28},
    number = {4},
    pages = {393--408},
    doi = {10.1080/10438599.2018.1527348}
}

@book{haskel2017,
    author = {Haskel, Jonathan and Westlake, Stian},
    title = {Capitalism without capital: The rise of the intangible economy},
    publisher = {Princeton University Press},
    year = {2017},
    address = {Princeton}
}

@article{corrado2016,
    author = {Corrado, Carol and Haskel, Jonathan and Jona-Lasinio, Cecilia},
    title = {Knowledge spillovers, ICT and productivity growth},
    journal = {Oxford Bulletin of Economics and Statistics},
    year = {2016},
    volume = {79},
    number = {4},
    pages = {592--618},
    doi = {10.1111/obes.12171}
}

% REFERENCIAS SOBRE STARTUPS Y VENTURE CAPITAL

@article{gornall2020,
    author = {Gornall, Will and Strebulaev, Ilya A.},
    title = {Squaring venture capital valuations with reality},
    journal = {Journal of Financial Economics},
    year = {2020},
    volume = {135},
    number = {1},
    pages = {120--143},
    doi = {10.1016/j.jfineco.2018.06.012}
}

@book{ries2011,
    author = {Ries, Eric},
    title = {The lean startup: How today's entrepreneurs use continuous innovation to create radically successful businesses},
    publisher = {Crown Business},
    year = {2011},
    address = {New York}
}

@article{kaplan2005,
    author = {Kaplan, Steven N. and Schoar, Antoinette},
    title = {Private equity performance: Returns, persistence, and capital flows},
    journal = {Journal of Finance},
    year = {2005},
    volume = {60},
    number = {4},
    pages = {1791--1823},
    doi = {10.1111/j.1540-6261.2005.00780.x}
}

% REFERENCIAS SOBRE MODELOS DE NEGOCIO TECNOLÓGICOS

@book{parker2016,
    author = {Parker, Geoffrey G. and Van Alstyne, Marshall W. and Choudary, Sangeet Paul},
    title = {Platform revolution: How networked markets are transforming the economy and how to make them work for you},
    publisher = {W. W. Norton \& Company},
    year = {2016},
    address = {New York}
}

@article{eisenmann2006,
    author = {Eisenmann, Thomas and Parker, Geoffrey and Van Alstyne, Marshall W.},
    title = {Strategies for two-sided markets},
    journal = {Harvard Business Review},
    year = {2006},
    volume = {84},
    number = {10},
    pages = {92--101}
}

@book{evans2016,
    author = {Evans, David S. and Schmalensee, Richard},
    title = {Matchmakers: The new economics of multisided platforms},
    publisher = {Harvard Business Review Press},
    year = {2016},
    address = {Boston}
}

% METODOLOGÍAS DE VALORACIÓN ESPECÍFICAS

@article{schwartz2004,
    author = {Schwartz, Eduardo S.},
    title = {Patents and R\&D as real options},
    journal = {Economic Notes},
    year = {2004},
    volume = {33},
    number = {1},
    pages = {23--54},
    doi = {10.1111/j.0391-5026.2004.00122.x}
}

@book{mun2006,
    author = {Mun, Johnathan},
    title = {Real options analysis: Tools and techniques for valuing strategic investments and decisions},
    publisher = {John Wiley \& Sons},
    year = {2006},
    edition = {2},
    address = {Hoboken}
}

@article{trigeorgis1996,
    author = {Trigeorgis, Lenos},
    title = {Real options: Managerial flexibility and strategy in resource allocation},
    journal = {MIT Press},
    year = {1996},
    volume = {1},
    pages = {1--427}
} 